@Misc{ ESA,
	title = "Gaia mission summary",
	author = "{{European Space Agency}}",
	url = "http://sci.esa.int/gaia/28820-summary/",
	note = "\href{http://sci.esa.int/gaia/28820-summary/}{http://sci.esa.int/gaia/28820-summary/}"
}
@Misc{ GaiaData,
	title = "Gaia Archive - Data Release 2",
	author = "{{European Space Agency}}",
	url = "https://gea.esac.esa.int/archive/",
	note = "\href{https://gea.esac.esa.int/archive/}{https://gea.esac.esa.int/archive/}"
}
@Misc{ GaiaSpec,
	title = "Inside Gaia's billion pixel camera",
	author = "{{European Space Agency}}",
	url = "http://sci.esa.int/gaia/53281-inside-gaia-s-billion-pixel-camera/",
	note = "\href{http://sci.esa.int/gaia/53281-inside-gaia-s-billion-pixel-camera/}{http://sci.esa.int/gaia/53281-inside-gaia-s-billion-pixel-camera/}"
}
@article{ Yadav,
	author = {{Yadav, R. K. S.} and {Bedin, L. R.} and {Piotto, G.} and {Anderson, J.} and {Cassisi, S.} and {Villanova, S.} and {Platais, I.} and {Pasquini, L.} and {Momany, Y.} and {Sagar, R.}},
	title = {Ground-based CCD astrometry with wide-field imagers****** - II. A star catalog for M~67: WFI@2.2~m~MPG/ESO astrometry, FLAMES@VLT radial velocities   },
	DOI= "10.1051/0004-6361:20079245",
	url= "https://doi.org/10.1051/0004-6361:20079245",
	journal = {A\&A},
	year = 2008,
	volume = 484,
	number = 2,
	pages = "609-620",
}
